@online{sunfounder_pump_esp32,
  title        = {ESP32 Starter Kit - Arduino Basic Projects: Water Pump Control},
  author       = {SunFounder},
  year         = {2024},
  url          = {https://docs.sunfounder.com/projects/esp32-starter-kit/en/latest/arduino/basic_projects/ar_pump.html},
  urldate      = {2024-12-08}
}

@manual{pruvodce_projektem_imp,
    title        = {Pr≈Øvodce projektem IMP},
    author       = {Josef Strnadel},
    year         = {2024},
    url          = {https://www.fit.vut.cz/person/strnadel/public/edu/prjguide_imp_cz.pdf},
    urldate      = {2024-12-08},
}